@ARTICLE{5570149, 
author={N. Tesla}, 
journal={Transactions of the American Institute of Electrical Engineers}, 
title={Experiments with Alternate Currents of Very High Frequency and their Application to Methods of Artificial Illumination}, 
year={1891}, 
volume={VIII}, 
number={1}, 
pages={266-319}, 
doi={10.1109/T-AIEE.1891.5570149}, 
ISSN={0096-3860}, 
month={Jan},}

@misc{pupman,
author = {Atkinson, Chip},
title = {Tesla Coil Mailing List},
year = {2016},
url = {http://www.pupman.com/},
howpublished ={\url{http://www.pupman.com/}},
note = "[Online; accessed 2016-11-17]"
}

@misc{wikimedia,
author = {FDominec},
title = {Tesla Coil Mailing List},
year = {2007},
url = {https://commons.wikimedia.org/wiki/File:Smitt_hysteresis_graph.svg},
howpublished ={\url{https://commons.wikimedia.org/wiki/File:Smitt_hysteresis_graph.svg}},
note = "[Online; accessed 2016-12-15]"
}

@book{faulttree,
author = {Barlow, R.E.},
year = {2006},
title = {Fault Tree Analysis. Encyclopedia of Statistical Sciences. 4},
}

@book{teslalog,
author = {Omega Verksted},
year = {2016},
title = {Loggbok for teslacoil},
}

@book{teslaprosedyrer,
author = {Omega Verksted},
year = {2016},
title = {Prosedyrer for teslacoil},
}


% PCB produksjon
@misc{altium,
  title	= "Altium home page",
  author = "Altium",
  year = {2015},
  howpublished = {\url{http://www.altium.com/}},
  note = "[Online; accessed 2015-04-08]"
}

@misc{eagle,
  title	= "Cadsoft USA",
  author = "Cadsoft USA",
  year = {2015},
  howpublished = {\url{http://www.cadsoftusa.com/}},
  note = "[Online; accessed 2015-04-08]"
}

@misc{proteus,
  title	= "Labcenter electronics",
  author = "Labcenter electronics",
  year = {2015},
  howpublished = {\url{http://www.labcenter.com/index.cfm}},
  note = "[Online; accessed 2015-04-08]"
}

@misc{kicad,
  title	= "KICAD-pcb",
  author = "KICAD-pcb",
  year = {2015},
  howpublished = {\url{http://www.kicad-pcb.org/}},
  note = "[Online; accessed 2015-04-08]"
}

@misc{ultiboard,
  title	= "National instruments ultiboard",
  author = "National instruments",
  year = {2015},
  howpublished = {\url{http://www.ni.com/ultiboard/}},
  note = "[Online; accessed 2015-04-08]"
}

@misc{orcad,
  title	= "OrCAD",
  author = "OrCAD",
  year = {2015},
  howpublished = {\url{http://www.orcad.com/}},
  note = "[Online; accessed 2015-04-08]"
}

@misc{kybverkstedet,
  title	= "Teknisk personell",
  author = "NTNU",
  year = {2015},
  howpublished = {\url{http://www.ntnu.no/itk/folk/an-teknisk}},
  note = "[Online; accessed 2015-04-15]"
}

@misc{pcbprod,
  title	= "Making a PCB - PCB Manufacture step by step",
  author = "Eurocircuits",
  year = {2015},
  howpublished = {\url{http://www.eurocircuits.com/making-a-pcb-pcb-manufacture-step-by-step}},
  note = "[Online; accessed 2015-04-15]"
}

@misc{githubtesla,
    title= "Tesla-Driver git repository",
    author = "Ã˜ystein Smith et. al.",
    year = {2016},
    howpublished = {\url{https://github.com/Cable89/tesla-driver}},
    note = "[Online; accessed 2016-12-17]"
}

@ARTICLE{cassie, 
author={A. M. Cassie}, 
journal={CIGRE Rep.}, 
title={Arc rupture and circuit serverity: A new Theory}, 
year={1939}, 
volume={102},}

@ARTICLE{575670, 
author={King-Jet Tseng and Yaoming Wang and D. M. Vilathgamuwa}, 
journal={IEEE Transactions on Power Electronics}, 
title={An experimentally verified hybrid Cassie-Mayr electric arc model for power electronics simulations}, 
year={1997}, 
volume={12}, 
number={3}, 
pages={429-436}, 
keywords={arcs (electric);circuit analysis computing;power electronics;software packages;Saber circuit simulator;computer simulation;dynamic characteristics;equation solving;hybrid Cassie-Mayr electric arc model;nodal analysis method;power electronics simulations;static characteristics;Circuit breakers;Circuit simulation;Circuit testing;Design automation;Equations;Plasma simulation;Power electronics;Power system modeling;SPICE;Voltage}, 
doi={10.1109/63.575670}, 
ISSN={0885-8993}, 
month={May},}